@book{InfoDesign,
 editor = {情報デザインフォーラム and 山崎 和彦 and 浅野 智 and 上平 崇仁},
 title = {情報デザインの教室: 仕事を変える、社会を変える、これからのデザインアプローチと手法},
 year = {2010},
 isbn = {4621082728},
 publisher = {丸善}
}

@book{InfoDesignWorkshop,
 author = {山崎 和彦 and 浅野 智 and 安藤 昌也 and 上平 崇仁 and 木村 博之 and 小池 星多 and 原田 泰 and 脇坂 善則},
 editor = {情報デザインフォーラム},
 title = {情報デザインのワークショップ},
 year = {2014},
 isbn = {4621088378},
 publisher = {丸善}
}

@book{SPLE,
 author = {Pohl, Klaus and B\"{o}ckle, G\"{u}nter and Linden, Frank J. van der},
 title = {Software Product Line Engineering: Foundations, Principles and Techniques},
 year = {2005},
 isbn = {3540243720},
 publisher = {Springer-Verlag New York, Inc.},
 address = {Secaucus, NJ, USA},
 note = {邦訳: 林 好一, 吉村 健太郎, 今関 剛 翻訳, ソフトウェアプロダクトラインエンジニアリング: ソフトウェア製品系列開発の基礎と概念から技法まで, エスアイビーアクセス, 2009}
}

@article{FORM,
 author = {Kang, Kyo C. and Kim, Sajoong and Lee, Jaejoon and Kim, Kijoo and Shin, Euiseob and Huh, Moonhang},
 title = {FORM: A Feature-oriented Reuse Method with Domain-specific Reference Architectures},
 journal = {Ann. Softw. Eng.},
 issue_date = {1998},
 volume = {5},
 number = {1},
 month = jan,
 year = {1998},
 issn = {1022-7091},
 pages = {143--168},
 numpages = {26},
 url = {http://dl.acm.org/citation.cfm?id=590631.590645},
 acmid = {590645},
 publisher = {J. C. Baltzer AG, Science Publishers},
 address = {Red Bank, NJ, USA},
} 

@webpage{Middleman,
　author = {Middleman},
  title = {Middleman: Build static websites with an easy-to-use framework},
  organization = {Middleman},
  url = {https://middlemanapp.com},
  refdate = {2018-02-12}
}

@webpage{SWEST,
　author = {SWEST実行委員会},
  title = {組込みシステム技術に関するサマーワークショップ},
  organization = {SWEST実行委員会},
  url = {https://swest.toppers.jp},
  refdate = {2018-02-12}
}
